@inproceedings{mit2020analyzing,
  title={Analyzing Tesla‘s Level 2 Autonomous Driving System Under Different GNSS Spoofing Scenarios and Implementing Connected Services for Authentication and Reliability of GNSS Data},
  author={Mit, Roi and Zangvil, Yoav and Katalan, Dror},
  booktitle={Proceedings of the 33rd International Technical Meeting of the Satellite Division of The Institute of Navigation (ION GNSS+ 2020)},
  pages={621--646},
  year={2020}
}

@incollection{yousuf2016enabling,
  title={Enabling Technologies for Vehicle Automation},
  author={Yousuf, Mohammed and Dailey, Daniel J and Sundararajan, Sudharson and Kandarpa, Ram},
  booktitle={Road Vehicle Automation 3},
  pages={225--235},
  year={2016},
  publisher={Springer}
}

@inproceedings{papadimitratos2008protection,
  title={Protection and fundamental vulnerability of GNSS},
  author={Papadimitratos, Panagiotis and Jovanovic, Aleksandar},
  booktitle={2008 IEEE International Workshop on Satellite and Space Communications},
  pages={167--171},
  year={2008},
  organization={IEEE}
}

@article{milanes2008autonomous,
  title={Autonomous vehicle based in cooperative GPS and inertial systems},
  author={Milan{\'e}s, Vicente and Naranjo, Jos{\'e} E and Gonz{\'a}lez, Carlos and Alonso, Javier and de Pedro, Teresa},
  journal={Robotica},
  volume={26},
  number={5},
  pages={627--633},
  year={2008},
  publisher={Cambridge University Press}
}

@article{bachrach2011range,
  title={RANGE--Robust autonomous navigation in GPS-denied environments},
  author={Bachrach, Abraham and Prentice, Samuel and He, Ruijie and Roy, Nicholas},
  journal={Journal of Field Robotics},
  volume={28},
  number={5},
  pages={644--666},
  year={2011},
  publisher={Wiley Online Library}
}

@book{dovis2015gnss,
  title={GNSS interference threats and countermeasures},
  author={Dovis, Fabio},
  year={2015},
  publisher={Artech House}
}

@article{akos2012s,
  title={Who's afraid of the spoofer? GPS/GNSS spoofing detection via automatic gain control (AGC)},
  author={Akos, Dennis M},
  journal={NAVIGATION, Journal of the Institute of Navigation},
  volume={59},
  number={4},
  pages={281--290},
  year={2012}
}

@article{aleshin2020framework,
  title={Framework for GREIS-formatted GNSS data manipulation},
  author={Aleshin, Igor M and Kholodkov, Kirill I and Koryagin, Vladimir N},
  journal={GPS Solutions},
  volume={24},
  number={2},
  pages={1--7},
  year={2020},
  publisher={Springer}
}

@article{schmidt2020gps,
  title={A GPS spoofing detection and classification correlator-based technique using the LASSO},
  author={Schmidt, Erick and Gatsis, Nikolaos and Akopian, David},
  journal={IEEE Transactions on Aerospace and Electronic Systems},
  volume={56},
  number={6},
  pages={4224--4237},
  year={2020},
  publisher={IEEE}
}

@article{amin2016vulnerabilities,
  title={Vulnerabilities, threats, and authentication in satellite-based navigation systems [scanning the issue]},
  author={Amin, Moeness G and Closas, Pau and Broumandan, Ali and Volakis, John L},
  journal={Proceedings of the IEEE},
  volume={104},
  number={6},
  pages={1169--1173},
  year={2016},
  publisher={IEEE}
}

@article{volpe2001vulnerability,
  title={Vulnerability assessment of the transportation infrastructure relying on the global positioning system},
  author={Volpe, John A},
  journal={http://www.navcen.uscg.gov/},
  year={2001},
  publisher={National Transportation Systems Center}
}

@article{jafarnia2012gps,
  title={GPS vulnerability to spoofing threats and a review of antispoofing techniques},
  author={Jafarnia-Jahromi, Ali and Broumandan, Ali and Nielsen, John and Lachapelle, G{\'e}rard},
  journal={International Journal of Navigation and Observation},
  volume={2012},
  year={2012},
  publisher={Hindawi}
}

@article{juang2009analysis,
  title={Analysis of global navigation satellite system position deviation under spoofing},
  author={Juang, J-C},
  journal={IET radar, sonar \& navigation},
  volume={3},
  number={1},
  pages={1--7},
  year={2009},
  publisher={IET}
}

@article{huang2016gnss,
  title={GNSS spoofing detection: Theoretical analysis and performance of the Ratio Test metric in open sky},
  author={Huang, Jie and Presti, Letizia Lo and Motella, Beatrice and Pini, Marco},
  journal={Ict Express},
  volume={2},
  number={1},
  pages={37--40},
  year={2016},
  publisher={Elsevier}
}

@article{khan2020detection,
  title={Detection of intermediate spoofing attack on global navigation satellite system receiver through slope based metrics},
  author={Khan, Abdul Malik and Iqbal, Naveed and Khan, Adnan Ahmed and Khan, Muhammad Faisal and Ahmad, Attiq},
  journal={The Journal of Navigation},
  volume={73},
  number={5},
  pages={1052--1068},
  year={2020},
  publisher={Cambridge University Press}
}

@article{psiaki2016gnss,
  title={GNSS spoofing and detection},
  author={Psiaki, Mark L and Humphreys, Todd E},
  journal={Proceedings of the IEEE},
  volume={104},
  number={6},
  pages={1258--1270},
  year={2016},
  publisher={IEEE}
}

@misc{misra2006global,
  title={Global Positioning System: Signals, Measurements and Performance (Lincoln, MA: Ganga},
  author={Misra, Pratap and Enge, Per},
  year={2006},
  publisher={Jamuna Press}
}

@inproceedings{van2018classification,
  title={Classification of spoofing attack types},
  author={van der Merwe, J Rossouw and Zubizarreta, Xabier and Luk{\v{c}}in, Ivana and R{\"u}gamer, Alexander and Felber, Wolfgang},
  booktitle={2018 European Navigation Conference (ENC)},
  pages={91--99},
  year={2018},
  organization={IEEE}
}

@inproceedings{nicola2010design,
  title={Design of a GNSS spoofing device based on a GPS/Galileo software receiver for the development of robust countermeasures},
  author={Nicola, M and Musumeci, L and Pini, M and Fantino, M and Mulassano, P},
  booktitle={ENC GNSS},
  year={2010}
}

@inproceedings{scott2003anti,
  title={Anti-spoofing \& authenticated signal architectures for civil navigation systems},
  author={Scott, Logan},
  booktitle={Proceedings of the 16th International Technical Meeting of the Satellite Division of The Institute of Navigation (ION GPS/GNSS 2003)},
  pages={1543--1552},
  year={2003}
}

@article{o2013real,
  title={Real-time GPS spoofing detection via correlation of encrypted signals},
  author={O’Hanlon, Brady W and Psiaki, Mark L and Bhatti, Jahshan A and Shepard, Daniel P and Humphreys, Todd E},
  journal={NAVIGATION, Journal of the Institute of Navigation},
  volume={60},
  number={4},
  pages={267--278},
  year={2013}
}

@inproceedings{psiaki2011civilian,
  title={Civilian GPS spoofing detection based on dual-receiver correlation of military signals},
  author={Psiaki, Mark L and O'Hanlon, Brady W and Bhatti, Jahshan A and Shepard, Daniel P and Humphreys, Todd E},
  booktitle={Proceedings of the 24th International Technical Meeting of The Satellite Division of the Institute of Navigation (ION GNSS 2011)},
  pages={2619--2645},
  year={2011}
}

@inproceedings{arafin2017low,
  title={A low-cost gps spoofing detector design for internet of things (iot) applications},
  author={Arafin, Md Tanvir and Anand, Dhananjay and Qu, Gang},
  booktitle={Proceedings of the on Great Lakes Symposium on VLSI 2017},
  pages={161--166},
  year={2017}
}

@inproceedings{humphreys2008assessing,
  title={Assessing the spoofing threat: Development of a portable GPS civilian spoofer},
  author={Humphreys, Todd E and Ledvina, Brent M and Psiaki, Mark L and O'Hanlon, Brady W and Kintner, Paul M and others},
  booktitle={Proceedings of the 21st International Technical Meeting of the Satellite Division of The Institute of Navigation (ION GNSS 2008)},
  pages={2314--2325},
  year={2008}
}

@inproceedings{panice2017svm,
  title={A SVM-based detection approach for GPS spoofing attacks to UAV},
  author={Panice, G and Luongo, Salvatore and Gigante, Gabriella and Pascarella, Domenico and Di Benedetto, Carlo and Vozella, Angela and Pescap{\`e}, Antonio},
  booktitle={2017 23rd International Conference on Automation and Computing (ICAC)},
  pages={1--11},
  year={2017},
  organization={IEEE}
}

@inproceedings{wang2018edge,
  title={Edge computing based gps spoofing detection methods},
  author={Wang, Qian and Lu, Zhaojun and Gao, Mingze and Qu, Gang},
  booktitle={2018 IEEE 23rd International Conference on Digital Signal Processing (DSP)},
  pages={1--5},
  year={2018},
  organization={IEEE}
}

@article{schafer2018commute,
  title={A commute in data: The comma2k19 dataset},
  author={Schafer, Harald and Santana, Eder and Haden, Andrew and Biasini, Riccardo},
  journal={arXiv preprint arXiv:1812.05752},
  year={2018}
}

@inproceedings{tippenhauer2011requirements,
  title={On the requirements for successful GPS spoofing attacks},
  author={Tippenhauer, Nils Ole and P{\"o}pper, Christina and Rasmussen, Kasper Bonne and Capkun, Srdjan},
  booktitle={Proceedings of the 18th ACM conference on Computer and communications security},
  pages={75--86},
  year={2011}
}

@article{schmidt2016survey,
  title={A survey and analysis of the GNSS spoofing threat and countermeasures},
  author={Schmidt, Desmond and Radke, Kenneth and Camtepe, Seyit and Foo, Ernest and Ren, Micha{\l}},
  journal={ACM Computing Surveys (CSUR)},
  volume={48},
  number={4},
  pages={1--31},
  year={2016},
  publisher={ACM New York, NY, USA}
}

@article{chopde2013landmark,
  title={Landmark based shortest path detection by using A* and Haversine formula},
  author={Chopde, Nitin R and Nichat, Mangesh},
  journal={International Journal of Innovative Research in Computer and Communication Engineering},
  volume={1},
  number={2},
  pages={298--302},
  year={2013}
}

@misc{www.u-blox.com, 
  title={NEO-M8 u-Blox M8 Concurrent GNSS Modules Data Sheet Highlights},
  url={http://www.u-blox.com/sites/default/files/NEO-M8_DataSheet_(UBX-13003366).pdf},
  year={2016},
} 